@article{huang2013,
  title={Automated simulation model generation},
  author={Huang, Yilin},
  year = {2013}
} 

@misc{huang_verma_2021,
title = {EPA1352 â€“Advanced Simulation 1.1 Case Introduction},
author = {Huang, Yilin and Verma, Trivik},
year = {2021}
}